%% This BibTeX bibliography file was created using BibDesk.
%% http://bibdesk.sourceforge.net/

%% Created for Penneys, David at 2020-11-30 12:53:09 -0500 


%% Saved with string encoding Unicode (UTF-8) 



@article{MR996807,
	author = {Yasuo Watatani},
	date-added = {2020-11-30 12:52:59 -0500},
	date-modified = {2020-11-30 12:52:59 -0500},
	journal = {Mem. Amer. Math. Soc.},
	note = {\mathscinet{MR996807}, \googlebooks{Bp2cmONVye0C}},
	number = {424},
	pages = {vi+117 pp.},
	title = {Index for ${C}^*$-subalgebras},
	volume = {83},
	year = {1990}}

@article{MR4133163,
	author = {Penneys, David},
	date-added = {2020-11-30 12:51:47 -0500},
	date-modified = {2020-11-30 12:51:47 -0500},
	fjournal = {Higher Structures},
	journal = {High. Struct.},
	mrclass = {18M05 (46L37)},
	mrnumber = {4133163},
	note = {\mathscinet{MR4133163} \arxiv{1808.00323}},
	number = {2},
	pages = {22--56},
	title = {Unitary dual functors for unitary multitensor categories},
	volume = {4},
	year = {2020}}

@book{MR3204665,
	author = {Neshveyev, Sergey and Tuset, Lars},
	date-added = {2020-11-30 12:51:09 -0500},
	date-modified = {2020-11-30 12:51:09 -0500},
	isbn = {978-2-85629-777-3},
	mrclass = {46L65 (17B37 46L89 81-02 81R05 81R10 81R50)},
	mrnumber = {3204665},
	mrreviewer = {Julien Bichon},
	note = {\mathscinet{MR3204665}},
	pages = {vi+169},
	publisher = {Soci\'et\'e Math\'ematique de France, Paris},
	series = {Cours Sp\'ecialis\'es [Specialized Courses]},
	title = {Compact quantum groups and their representation categories},
	volume = {20},
	year = {2013}}

@article{MR3994584,
	author = {Giorgetti, Luca and Longo, Roberto},
	date-added = {2020-11-30 12:49:09 -0500},
	date-modified = {2020-11-30 12:49:09 -0500},
	doi = {10.1007/s00220-018-3266-x},
	fjournal = {Communications in Mathematical Physics},
	issn = {0010-3616},
	journal = {Comm. Math. Phys.},
	mrclass = {46L10 (16E50 18D99)},
	mrnumber = {3994584},
	note = {\mathscinet{MR3994584} \doi{10.1007/s00220-018-3266-x} \arxiv{1805.09234}},
	number = {2},
	pages = {719--757},
	title = {Minimal index and dimension for 2-{$C^*$}-categories with finite-dimensional centers},
	url = {https://doi.org/10.1007/s00220-018-3266-x},
	volume = {370},
	year = {2019},
	Bdsk-Url-1 = {https://doi.org/10.1007/s00220-018-3266-x}}

@article{MR2511128,
	author = {Gupta, Ved Prakash},
	date-added = {2020-11-30 12:48:32 -0500},
	date-modified = {2020-11-30 12:48:32 -0500},
	doi = {10.1007/s12044-008-0046-0},
	fjournal = {Indian Academy of Sciences. Proceedings. Mathematical Sciences},
	issn = {0253-4142},
	journal = {Proc. Indian Acad. Sci. Math. Sci.},
	mrclass = {46L37},
	mrnumber = {2511128 (2010g:46104)},
	mrreviewer = {Pinhas Grossman},
	note = {\mathscinet{MR2511128} \doi{10.1007/s12044-008-0046-0} \arxiv{0806.1791}},
	number = {4},
	pages = {583--612},
	title = {Planar algebra of the subgroup-subfactor},
	url = {http://dx.doi.org/10.1007/s12044-008-0046-0},
	volume = {118},
	year = {2008},
	Bdsk-Url-1 = {http://dx.doi.org/10.1007/s12044-008-0046-0}}

@misc{1704.04729,
	author = {Sergey Neshveyev and Makoto Yamashita},
	eprint = {arXiv:1704.04729},
	title = {Categorically Morita equivalent compact quantum groups},
	year = {2017}}

@article{MR3933035,
	author = {Neshveyev, Sergey and Yamashita, Makoto},
	fjournal = {Documenta Mathematica},
	issn = {1431-0635},
	journal = {Doc. Math.},
	mrclass = {81R05 (18D10 37A55 46L80)},
	mrnumber = {3933035},
	note = {\mathscinet{MR3933035} \arxiv{1704.04729}},
	pages = {2165--2216},
	title = {Categorically {M}orita equivalent compact quantum groups},
	volume = {23},
	year = {2018}}

@article{MR3345186,
	author = {Liu, Zhengwei},
	doi = {10.1016/j.aim.2015.03.017},
	fjournal = {Advances in Mathematics},
	issn = {0001-8708},
	journal = {Adv. Math.},
	mrclass = {Preliminary Data},
	mrnumber = {3345186},
	note = {\mathscinet{MR3345186} \doi{10.1016/j.aim.2015.03.017} \arxiv{1308.5691}},
	pages = {307--371},
	title = {Composed inclusions of {$A\sb 3$} and {$A\sb 4$} subfactors},
	url = {http://dx.doi.org/10.1016/j.aim.2015.03.017},
	volume = {279},
	year = {2015},
	Bdsk-Url-1 = {http://dx.doi.org/10.1016/j.aim.2015.03.017}}

@article{MR1262294,
	author = {Bisch, Dietmar},
	coden = {PJMAAI},
	fjournal = {Pacific Journal of Mathematics},
	issn = {0030-8730},
	journal = {Pacific J. Math.},
	mrclass = {46L37},
	mrnumber = {1262294 (95c:46105)},
	mrreviewer = {V. S. Sunder},
	note = {\mathscinet{MR1262294}},
	number = {2},
	pages = {201--216},
	title = {A note on intermediate subfactors},
	url = {http://projecteuclid.org/getRecord?id=euclid.pjm/1102622455},
	volume = {163},
	year = {1994},
	Bdsk-Url-1 = {http://projecteuclid.org/getRecord?id=euclid.pjm/1102622455}}

@article{MR3447719,
	author = {Ghosh, Shamindra Kumar and Jones, Corey},
	doi = {10.1016/j.jfa.2015.08.017},
	fjournal = {Journal of Functional Analysis},
	issn = {0022-1236},
	journal = {J. Funct. Anal.},
	mrclass = {46L05 (46M15)},
	mrnumber = {3447719},
	mrreviewer = {Mohammad Sal Moslehian},
	note = {\mathscinet{MR3447719} \doi{10.1016/j.jfa.2015.08.017} \arxiv{1502.06543}},
	number = {4},
	pages = {1537--1584},
	title = {Annular representation theory for rigid {$C^*$}-tensor categories},
	url = {http://dx.doi.org/10.1016/j.jfa.2015.08.017},
	volume = {270},
	year = {2016},
	Bdsk-Url-1 = {http://dx.doi.org/10.1016/j.jfa.2015.08.017}}

@misc{1607.06041,
	author = {Andr\'e Henriques and David Penneys and James E. Tener},
	note = {\arxiv{1607.06041}},
	title = {Planar algebras in braided tensor categories},
	year = {2016}}

@article{MR0696688,
	author = {Jones, Vaughan F. R.},
	coden = {INVMBH},
	fjournal = {Inventiones Mathematicae},
	issn = {0020-9910},
	journal = {Invent. Math.},
	mrclass = {46L35 (10D07)},
	mrreviewer = {Yasuo Watatani},
	note = {\mathscinet{MR696688}, \doi{10.1007/BF01389127}},
	number = {1},
	pages = {1--25},
	title = {Index for subfactors},
	volume = {72},
	year = {1983}}

@misc{gpa,
	author = {Scott Morrison and Kevin Walker},
	note = {preprint available at \href{http://tqft.net/gpa}{tqft.net/gpa}},
	title = {The graph planar algebra embedding theorem},
	year = {2010}}

@article{MR2811311,
	author = {Ghosh, Shamindra Kumar},
	coden = {JALGA4},
	doi = {10.1016/j.jalgebra.2011.04.017},
	fjournal = {Journal of Algebra},
	issn = {0021-8693},
	journal = {J. Algebra},
	mrclass = {46L37 (18D05)},
	mrnumber = {2811311 (2012g:46093)},
	mrreviewer = {Yasuyuki Kawahigashi},
	note = {\mathscinet{MR2811311}, \arXiv{0810.4186}, \doi{10.1016/j.jalgebra.2011.04.017}},
	pages = {27--54},
	title = {Planar algebras: a category theoretic point of view},
	url = {http://dx.doi.org/10.1016/j.jalgebra.2011.04.017},
	volume = {339},
	year = {2011},
	Bdsk-Url-1 = {http://dx.doi.org/10.1016/j.jalgebra.2011.04.017}}

@misc{1509.00038,
	author = {Narjess Afzaly and Scott Morrison and David Penneys},
	note = {\arXiv{1509.00038}, to appear {Mem. Amer. Math. Soc.}},
	title = {The classification of subfactors with index at most $5\frac{1}{4}$},
	year = {2015}}

@article{MR3166042,
	author = {Jones, Vaughan F. R. and Morrison, Scott and Snyder, Noah},
	date-added = {2014-03-06 07:45:19 +0000},
	date-modified = {2014-03-06 07:45:49 +0000},
	doi = {10.1090/S0273-0979-2013-01442-3},
	fjournal = {American Mathematical Society. Bulletin. New Series},
	issn = {0273-0979},
	journal = {Bull. Amer. Math. Soc. (N.S.)},
	mrclass = {Preliminary Data},
	mrnumber = {3166042},
	note = {\mathscinet{MR3166042}, \arxiv{1304.6141}, \doi{10.1090/S0273-0979-2013-01442-3}},
	number = {2},
	pages = {277--327},
	title = {The classification of subfactors of index at most 5},
	url = {http://dx.doi.org/10.1090/S0273-0979-2013-01442-3},
	volume = {51},
	year = {2014},
	Bdsk-Url-1 = {http://dx.doi.org/10.1090/S0273-0979-2013-01442-3}}

@article{MR3420332,
	author = {De Commer, Kenny and Yamashita, Makoto},
	coden = {JRMAA8},
	doi = {10.1515/crelle-2013-0074},
	fjournal = {Journal f\"ur die Reine und Angewandte Mathematik. [Crelle's Journal]},
	issn = {0075-4102},
	journal = {J. Reine Angew. Math.},
	mrclass = {46L89 (46L05)},
	mrnumber = {3420332},
	mrreviewer = {Robin Hillier},
	note = {\mathscinet{MR3420332} \doi{10.1515/crelle-2013-0074}},
	pages = {143--171},
	title = {Tannaka-{K}re\u\i n duality for compact quantum homogeneous spaces {II}. {C}lassification of quantum homogeneous spaces for quantum {$\rm SU(2)$}},
	url = {http://dx.doi.org/10.1515/crelle-2013-0074},
	volume = {708},
	year = {2015},
	Bdsk-Url-1 = {http://dx.doi.org/10.1515/crelle-2013-0074}}

@article{MR1334479,
	author = {Sorin Popa},
	coden = {INVMBH},
	fjournal = {Inventiones Mathematicae},
	issn = {0020-9910},
	journal = {Invent. Math.},
	mrclass = {46L37},
	mrreviewer = {Reinhard Schaflitzel},
	note = {\mathscinet{MR1334479} \doi{10.1007/BF01241137}},
	number = {3},
	pages = {427--445},
	title = {An axiomatization of the lattice of higher relative commutants of a subfactor},
	volume = {120},
	year = {1995}}

@incollection{MR1718089,
	address = {Providence, RI},
	author = {Voronov, Alexander A.},
	booktitle = {Homotopy invariant algebraic structures ({B}altimore, {MD}, 1998)},
	mrclass = {55P48 (14H15 18C10 18D50 55U35 81T40)},
	mrnumber = {MR1718089 (2000i:55032)},
	mrreviewer = {J. Stasheff},
	note = {\mathscinet{MR1718089} \arXiv{math.QA/9807037}},
	pages = {365--373},
	publisher = {Amer. Math. Soc.},
	series = {Contemp. Math.},
	title = {The {S}wiss-cheese operad},
	volume = {239},
	year = {1999}}

@article{MR2559686,
	author = {Morrison, Scott and Peters, Emily and Snyder, Noah},
	coden = {JPAAA2},
	doi = {10.1016/j.jpaa.2009.04.010},
	fjournal = {Journal of Pure and Applied Algebra},
	issn = {0022-4049},
	journal = {J. Pure Appl. Algebra},
	mrclass = {46Lxx (57M15)},
	mrnumber = {MR2559686},
	note = {\arXiv{0808.0764} \mathscinet{MR2559686} \doi{10.1016/j.jpaa.2009.04.010}},
	number = {2},
	pages = {117--139},
	title = {Skein theory for the {$D_{2n}$} planar algebras},
	url = {http://dx.doi.org/10.1016/j.jpaa.2009.04.010},
	volume = {214},
	year = {2010},
	Bdsk-Url-1 = {http://dx.doi.org/10.1016/j.jpaa.2009.04.010}}

@article{MR3405915,
	author = {Brothier, Arnaud and Hartglass, Michael and Penneys, David},
	doi = {10.1063/1.4769178},
	fjournal = {Journal of Mathematical Physics},
	issn = {0022-2488},
	journal = {J. Math. Phys.},
	mrclass = {46L37 (18D10 46L54 46M15)},
	mrnumber = {3405915},
	mrreviewer = {Narutaka Ozawa},
	note = {\mathscinet{MR3405915} \doi{10.1063/1.4769178} \arxiv{1208.5505}},
	number = {12},
	pages = {123525, 43},
	title = {Rigid {$C\sp *$}-tensor categories of bimodules over interpolated free group factors},
	url = {http://dx.doi.org/10.1063/1.4769178},
	volume = {53},
	year = {2012},
	Bdsk-Url-1 = {http://dx.doi.org/10.1063/1.4769178}}

@article{MR899057,
	author = {Kauffman, Louis H.},
	coden = {TPLGAF},
	doi = {10.1016/0040-9383(87)90009-7},
	fjournal = {Topology. An International Journal of Mathematics},
	issn = {0040-9383},
	journal = {Topology},
	mrclass = {57M25},
	mrreviewer = {J. S. Birman},
	note = {\mathscinet{MR899057}, \doi{10.1016/0040-9383(87)90009-7}},
	number = {3},
	pages = {395--407},
	title = {State models and the {J}ones polynomial},
	url = {http://dx.doi.org/10.1016/0040-9383(87)90009-7},
	volume = {26},
	year = {1987},
	Bdsk-Url-1 = {http://dx.doi.org/10.1016/0040-9383(87)90009-7}}

@misc{JonesVNA,
	author = {Jones, Vaughan F. R.},
	note = {\url{https://math.vanderbilt.edu/jonesvf/VONNEUMANNALGEBRAS2015/VonNeumann2015.pdf}},
	title = {Von {N}eumann Algebras},
	year = {2015}}

@incollection{MR1424954,
	address = {Providence, RI},
	author = {Dietmar Bisch},
	booktitle = {Operator algebras and their applications (Waterloo, ON, 1994/1995), 13-63, Fields Inst. Commun., 13},
	note = {\mathscinet{MR1424954}, \googlebooks{_InIRTO8Y7gC}},
	publisher = {Amer. Math. Soc.},
	title = {Bimodules, higher relative commutants and the fusion algebra associated to a subfactor},
	year = {1997}}

@article{MR808930,
	author = {Ghez, P. and Lima, R. and Roberts, J. E.},
	coden = {PJMAAI},
	fjournal = {Pacific Journal of Mathematics},
	issn = {0030-8730},
	journal = {Pacific J. Math.},
	mrclass = {46L10 (46L05 46M15)},
	mrnumber = {808930 (87g:46091)},
	mrreviewer = {Sze-Kai Tsui},
	note = {\mathscinet{MR808930}},
	number = {1},
	pages = {79--109},
	title = {{$W\sp \ast$}-categories},
	url = {http://projecteuclid.org/euclid.pjm/1102703884},
	volume = {120},
	year = {1985},
	Bdsk-Url-1 = {http://projecteuclid.org/euclid.pjm/1102703884}}

@article{MR2979509,
	author = {Bigelow, Stephen and Morrison, Scott and Peters, Emily and Snyder, Noah},
	coden = {ACMAA8},
	doi = {10.1007/s11511-012-0081-7},
	fjournal = {Acta Mathematica},
	issn = {0001-5962},
	journal = {Acta Math.},
	mrclass = {46Lxx},
	mrnumber = {2979509},
	note = {\mathscinet{MR2979509}, \arXiv{0909.4099}, \doi{10.1007/s11511-012-0081-7}},
	number = {1},
	pages = {29--82},
	title = {Constructing the extended {H}aagerup planar algebra},
	url = {http://dx.doi.org/10.1007/s11511-012-0081-7},
	volume = {209},
	year = {2012},
	Bdsk-Url-1 = {http://dx.doi.org/10.1007/s11511-012-0081-7}}

@book{MR2822034,
	author = {Han, Richard},
	isbn = {978-1124-40011-2},
	mrclass = {Thesis},
	mrnumber = {2822034},
	note = {Thesis (Ph.D.)--University of California, Riverside, \mathscinet{MR2822034} \arxiv{1102.2052}},
	pages = {190},
	publisher = {ProQuest LLC, Ann Arbor, MI},
	title = {A {C}onstruction of the ``2221'' {P}lanar {A}lgebra},
	url = {http://gateway.proquest.com/openurl?url_ver=Z39.88-2004&rft_val_fmt=info:ofi/fmt:kev:mtx:dissertation&res_dat=xri:pqdiss&rft_dat=xri:pqdiss:3433854},
	year = {2010},
	Bdsk-Url-1 = {http://gateway.proquest.com/openurl?url_ver=Z39.88-2004&rft_val_fmt=info:ofi/fmt:kev:mtx:dissertation&res_dat=xri:pqdiss&rft_dat=xri:pqdiss:3433854}}

@article{MR3402358,
	author = {Penneys, David and Peters, Emily},
	doi = {10.2140/pjm.2015.277.463},
	fjournal = {Pacific Journal of Mathematics},
	issn = {0030-8730},
	journal = {Pacific J. Math.},
	mrclass = {46L37 (18D05 57M20)},
	mrnumber = {3402358},
	note = {\mathscinet{MR3402358} \doi{10.2140/pjm.2015.277-2} \arXiv{1308.5197}},
	number = {2},
	pages = {463--510},
	title = {Calculating two-strand jellyfish relations},
	url = {http://dx.doi.org/10.2140/pjm.2015.277.463},
	volume = {277},
	year = {2015},
	Bdsk-Url-1 = {http://dx.doi.org/10.2140/pjm.2015.277.463}}

@article{MR3306607,
	author = {Liu, Zhengwei and Morrison, Scott and Penneys, David},
	doi = {10.1007/s00220-014-2160-4},
	fjournal = {Communications in Mathematical Physics},
	issn = {0010-3616},
	journal = {Comm. Math. Phys.},
	mrclass = {17-XX},
	mrnumber = {3306607},
	note = {\mathscinet{MR3306607}, \arXiv{1310.8566}, \doi{10.1007/s00220-014-2160-4}},
	number = {2},
	pages = {889--922},
	title = {1-{S}upertransitive {S}ubfactors with {I}ndex at {M}ost {$6\frac{1}{5}$}},
	url = {http://dx.doi.org/10.1007/s00220-014-2160-4},
	volume = {334},
	year = {2015},
	Bdsk-Url-1 = {http://dx.doi.org/10.1007/s00220-014-2160-4}}

@article{MR3314808,
	author = {Morrison, Scott and Penneys, David},
	doi = {10.1090/S0002-9947-2014-06109-6},
	fjournal = {Transactions of the American Mathematical Society},
	issn = {0002-9947},
	journal = {Trans. Amer. Math. Soc.},
	mrclass = {Preliminary Data},
	mrnumber = {3314808},
	note = {\mathscinet{MR3314808} \doi{10.1090/S0002-9947-2014-06109-6} \arxiv{1208.3637}},
	number = {5},
	pages = {3257--3298},
	title = {Constructing spoke subfactors using the jellyfish algorithm},
	url = {http://dx.doi.org/10.1090/S0002-9947-2014-06109-6},
	volume = {367},
	year = {2015},
	Bdsk-Url-1 = {http://dx.doi.org/10.1090/S0002-9947-2014-06109-6}}

@article{MR3394622,
	author = {Morrison, Scott and Penneys, David},
	doi = {10.1016/j.jfa.2015.06.023},
	fjournal = {Journal of Functional Analysis},
	issn = {0022-1236},
	journal = {J. Funct. Anal.},
	mrclass = {Preliminary Data},
	mrnumber = {3394622},
	note = {\mathscinet{MR3394622} \doi{10.1016/j.jfa.2015.06.023} \arxiv{1406.3401}},
	number = {9},
	pages = {2845--2870},
	title = {2-supertransitive subfactors at index {$3+\sqrt{5}$}},
	url = {http://dx.doi.org/10.1016/j.jfa.2015.06.023},
	volume = {269},
	year = {2015},
	Bdsk-Url-1 = {http://dx.doi.org/10.1016/j.jfa.2015.06.023}}

@incollection{MR1929335,
	address = {Geneva},
	author = {Jones, Vaughan F. R.},
	booktitle = {Essays on geometry and related topics, {V}ol. 1, 2},
	mrclass = {46L37},
	mrreviewer = {Yasuyuki Kawahigashi},
	note = {\mathscinet{MR1929335}},
	pages = {401--463},
	publisher = {Enseignement Math.},
	series = {Monogr. Enseign. Math.},
	title = {The annular structure of subfactors},
	volume = {38},
	year = {2001}}

@article{MR1278111,
	author = {Sorin Popa},
	journal = {Acta Math.},
	note = {\mathscinet{MR1278111}, \doi{10.1007/BF02392646}},
	number = {2},
	pages = {163-255},
	title = {Classification of amenable subfactors of type {II}},
	volume = {172},
	year = {1994}}

@article{MR936086,
	author = {Wenzl, Hans},
	coden = {INVMBH},
	doi = {10.1007/BF01404457},
	fjournal = {Inventiones Mathematicae},
	issn = {0020-9910},
	journal = {Invent. Math.},
	mrclass = {46L35 (16A48 46L50)},
	mrreviewer = {Lothar M. Schmitt},
	note = {\mathscinet{MR936086} \doi{10.1007/BF01404457}},
	number = {2},
	pages = {349--383},
	title = {Hecke algebras of type {$A_n$} and subfactors},
	url = {http://dx.doi.org/10.1007/BF01404457},
	volume = {92},
	year = {1988},
	Bdsk-Url-1 = {http://dx.doi.org/10.1007/BF01404457}}

@article{MR3019263,
	author = {Schaumann, Gregor},
	doi = {10.1016/j.jalgebra.2013.01.013},
	fjournal = {Journal of Algebra},
	issn = {0021-8693},
	journal = {J. Algebra},
	mrclass = {18Dxx (16D90)},
	mrnumber = {3019263},
	mrreviewer = {Adriana Balan},
	note = {\mathscinet{MR3019263} \doi{10.1016/j.jalgebra.2013.01.013} \arxiv{1206.5716}},
	pages = {382--425},
	title = {Traces on module categories over fusion categories},
	url = {https://doi.org/10.1016/j.jalgebra.2013.01.013},
	volume = {379},
	year = {2013},
	Bdsk-Url-1 = {https://doi.org/10.1016/j.jalgebra.2013.01.013}}

@misc{1810.06076,
	author = {Pinhas Grossman and Scott Morrison and David Penneys and Emily Peters and Noah Snyder},
	note = {\arxiv{1810.06076}},
	title = {The {E}xtended {H}aagerup fusion categories},
	year = {2018}}

@article{MR2091457,
	author = {Yamagami, Shigeru},
	fjournal = {Journal of Operator Theory},
	issn = {0379-4024},
	journal = {J. Operator Theory},
	mrclass = {46L05 (18D15 46L37)},
	mrnumber = {2091457 (2005f:46109)},
	mrreviewer = {Teodor Banica},
	note = {\mathscinet{MR2091457}},
	number = {1},
	pages = {3--20},
	title = {Frobenius duality in {$C^*$}-tensor categories},
	volume = {52},
	year = {2004}}

@article{MR3342166,
	author = {Bartels, Arthur and Douglas, Christopher L. and Henriques, Andr{\'e}},
	doi = {10.4171/QT/53},
	fjournal = {Quantum Topology},
	issn = {1663-487X},
	journal = {Quantum Topol.},
	mrclass = {46L10 (46L37)},
	mrnumber = {3342166},
	note = {\mathscinet{MR3342166} \doi{10.4171/QT/53} \arXiv{1110.5671}},
	number = {3},
	pages = {289--345},
	title = {Dualizability and index of subfactors},
	url = {http://dx.doi.org/10.4171/QT/53},
	volume = {5},
	year = {2014},
	Bdsk-Url-1 = {http://dx.doi.org/10.4171/QT/53}}

@article{MR1444286,
	author = {Longo, R. and Roberts, J. E.},
	coden = {KTHEEO},
	doi = {10.1023/A:1007714415067},
	fjournal = {$K$-Theory. An Interdisciplinary Journal for the Development, Application, and Influence of $K$-Theory in the Mathematical Sciences},
	issn = {0920-3036},
	journal = {$K$-Theory},
	mrclass = {46L37 (18D10 46M15 81T05)},
	mrnumber = {1444286},
	mrreviewer = {Sze-Kai Tsui},
	note = {\mathscinet{MR1444286} \doi{10.1023/A:1007714415067}},
	number = {2},
	pages = {103--159},
	title = {A theory of dimension},
	url = {http://dx.doi.org/10.1023/A:1007714415067},
	volume = {11},
	year = {1997},
	Bdsk-Url-1 = {http://dx.doi.org/10.1023/A:1007714415067}}

@article{MR561983,
	author = {Alain Connes},
	coden = {JFUAAW},
	doi = {10.1016/0022-1236(80)90002-6},
	fjournal = {Journal of Functional Analysis},
	issn = {0022-1236},
	journal = {J. Funct. Anal.},
	mrclass = {46L10 (46L40)},
	mrreviewer = {Richard I. Loebl},
	note = {\mathscinet{MR561983}},
	number = {2},
	pages = {153--164},
	title = {On the spatial theory of von {N}eumann algebras},
	url = {http://dx.doi.org/10.1016/0022-1236(80)90002-6},
	volume = {35},
	year = {1980},
	Bdsk-Url-1 = {http://dx.doi.org/10.1016/0022-1236(80)90002-6}}

@article{MR1976459,
	author = {Ostrik, Victor},
	doi = {10.1007/s00031-003-0515-6},
	fjournal = {Transformation Groups},
	issn = {1083-4362},
	journal = {Transform. Groups},
	mrclass = {18D10 (16D90 17B10 18E10)},
	mrnumber = {1976459},
	mrreviewer = {Volodymyr V. Lyubashenko},
	number = {2},
	pages = {177--206},
	title = {Module categories, weak {H}opf algebras and modular invariants},
	url = {https://doi.org/10.1007/s00031-003-0515-6},
	volume = {8},
	year = {2003},
	Bdsk-Url-1 = {https://doi.org/10.1007/s00031-003-0515-6}}

@article{MR2812459,
	author = {Jones, Vaughan F. R. and Penneys, David},
	doi = {10.4171/QT/23},
	fjournal = {Quantum Topology},
	issn = {1663-487X},
	journal = {Quantum Topol.},
	mrclass = {46L37 (18D10 57M20)},
	mrreviewer = {Junsheng Fang},
	note = {\arXiv{1007.3173}, \mathscinet{MR2812459}, \doi{10.4171/QT/23}},
	number = {3},
	pages = {301--337},
	title = {The embedding theorem for finite depth subfactor planar algebras},
	url = {http://dx.doi.org/10.4171/QT/23},
	volume = {2},
	year = {2011},
	Bdsk-Url-1 = {http://dx.doi.org/10.4171/QT/23}}

@article{MR2679382,
	author = {Peters, Emily},
	doi = {10.1142/S0129167X10006380},
	fjournal = {International Journal of Mathematics},
	issn = {0129-167X},
	journal = {Internat. J. Math.},
	mrclass = {46L37},
	mrnumber = {2679382 (2011i:46077)},
	mrreviewer = {Yasuyuki Kawahigashi},
	note = {\mathscinet{MR2679382}, \doi{10.1142/S0129167X10006380}, \arXiv{0902.1294}},
	number = {8},
	pages = {987--1045},
	title = {A planar algebra construction of the {H}aagerup subfactor},
	url = {http://dx.doi.org/10.1142/S0129167X10006380},
	volume = {21},
	year = {2010},
	Bdsk-Url-1 = {http://dx.doi.org/10.1142/S0129167X10006380}}

@incollection{MR1865703,
	author = {Jones, Vaughan F. R.},
	booktitle = {Knots in {H}ellas '98 ({D}elphi)},
	doi = {10.1142/9789812792679_0008},
	mrclass = {57M15},
	mrnumber = {1865703},
	mrreviewer = {J. S. Birman},
	note = {\mathscinet{MR1865703}},
	pages = {94--117},
	publisher = {World Sci. Publ., River Edge, NJ},
	series = {Ser. Knots Everything},
	title = {The planar algebra of a bipartite graph},
	url = {http://dx.doi.org/10.1142/9789812792679_0008},
	volume = {24},
	year = {2000},
	Bdsk-Url-1 = {http://dx.doi.org/10.1142/9789812792679_0008}}

@misc{math.QA/9909027,
	author = {Jones, Vaughan F. R.},
	note = {\arXiv{math.QA/9909027}},
	title = {Planar Algebras {I}},
	year = {1999}}

@article{MR2972458,
	author = {Jones, Vaughan F. R.},
	coden = {DUMJAO},
	doi = {10.1215/00127094-1723608},
	fjournal = {Duke Mathematical Journal},
	issn = {0012-7094},
	journal = {Duke Math. J.},
	mrclass = {57M27 (18Dxx 46L37)},
	mrnumber = {2972458},
	note = {\mathscinet{MR2972458}, \arxiv{1007.1158}, \doi{10.1215/00127094-1723608}},
	number = {12},
	pages = {2257--2295},
	title = {Quadratic tangles in planar algebras},
	url = {http://dx.doi.org/10.1215/00127094-1723608},
	volume = {161},
	year = {2012},
	Bdsk-Url-1 = {http://dx.doi.org/10.1215/00127094-1723608}}

@book{MR999799,
	address = {New York},
	author = {Frederick M. Goodman and Pierre de la Harpe and Vaughan F.R. Jones},
	note = {x+288 pp. ISBN: 0-387-96979-9, \mathscinet{MR999799}},
	publisher = {Mathematical Sciences Research Institute Publications, 14. Springer-Verlag},
	title = {Coxeter graphs and towers of algebras},
	year = {1989}}

@article{MR860811,
	author = {Mihai Pimsner and Sorin Popa},
	journal = {Ann. Sci. \'{E}cole Norm. Sup. (4)},
	note = {\mathscinet{MR860811}},
	number = {1},
	pages = {57-106},
	title = {Entropy and Index for Subfactors},
	volume = {19},
	year = {1986}}

@article{MR3157990,
	author = {Bigelow, Stephen and Penneys, David},
	doi = {10.1007/s00208-013-0941-2},
	fjournal = {Mathematische Annalen},
	issn = {0025-5831},
	journal = {Math. Ann.},
	mrclass = {Preliminary Data},
	mrnumber = {3157990},
	note = {\mathscinet{MR3157990}, \doi{10.1007/s00208-013-0941-2}, \arxiv{1208.1564}},
	number = {1-2},
	pages = {1--24},
	title = {Principal graph stability and the jellyfish algorithm},
	url = {http://dx.doi.org/10.1007/s00208-013-0941-2},
	volume = {358},
	year = {2014},
	Bdsk-Url-1 = {http://dx.doi.org/10.1007/s00208-013-0941-2}}

@book{MR3242743,
	author = {Etingof, Pavel and Gelaki, Shlomo and Nikshych, Dmitri and Ostrik, Victor},
	date-added = {2017-12-13 17:52:52 +0000},
	date-modified = {2017-12-13 17:53:14 +0000},
	isbn = {978-1-4704-2024-6},
	mrclass = {18D10 (16T05)},
	mrnumber = {3242743},
	mrreviewer = {Julien Bichon},
	note = {\mathscinet{MR3242743} \doi{10.1090/surv/205}},
	pages = {xvi+343},
	publisher = {American Mathematical Society, Providence, RI},
	series = {Mathematical Surveys and Monographs},
	title = {Tensor categories},
	url = {https://doi.org/10.1090/surv/205},
	volume = {205},
	year = {2015},
	Bdsk-Url-1 = {https://doi.org/10.1090/surv/205}}

@phdthesis{Burns,
	archiveprefix = {arXiv},
	author = {{Burns}, M.},
	eprint = {1111.1362},
	primaryclass = {math.OA},
	school = {University of California Berkley},
	title = {{Subfactors, Planar Algebras and Rotations}},
	year = 2005}

@article{MR965748,
	author = {Mihai Pimsner and Sorin Popa},
	journal = {Trans. Amer. Math. Soc.},
	note = {\mathscinet{MR965748}},
	number = {1},
	pages = {127-133},
	title = {Iterating the basic construction},
	volume = {310},
	year = {1988}}

@book{MR1473221,
	address = {Cambridge},
	author = {Vaughan F.R. Jones and V.S. Sunder},
	note = {xii+162 pp. ISBN: 0-521-58420-5, \mathscinet{MR1473221}},
	publisher = {London Mathematical Society Lecture Note Series, 234. Cambridge University Press},
	title = {Introduction to Subfactors},
	year = {1997}}

@article{MR1073519,
	author = {Paul Jolissaint},
	journal = {Pacific J. Math.},
	note = {\mathscinet{MR1073519}, \euclid{euclid.pjm/1102645309}},
	number = {1},
	pages = {43-70},
	title = {Index for pairs of finite von {N}eumann algebras},
	volume = {146},
	year = {1990}}

@article{2015CMaPh.339..729J,
	adsnote = {Provided by the SAO/NASA Astrophysics Data System},
	adsurl = {http://adsabs.harvard.edu/abs/2015CMaPh.339..729J},
	archiveprefix = {arXiv},
	author = {{Jones}, V.~F.~R. and {Penneys}, D.},
	doi = {10.1007/s00220-015-2407-8},
	eprint = {1410.0856},
	journal = {Communications in Mathematical Physics},
	month = oct,
	pages = {729-768},
	primaryclass = {math.OA},
	title = {{Infinite Index Subfactors and the GICAR Categories}},
	volume = 339,
	year = 2015,
	Bdsk-Url-1 = {https://doi.org/10.1007/s00220-015-2407-8}}
