@ARTICLE{penneys,
    crossref = {MR2812459},
 }

@ARTICLE{peters,
    crossref = {MR2679382},
 }

@ARTICLE{jones,
    crossref = {MR1865703},
 }
 
@MISC{planaralg1,
    crossref = {math.QA/9909027},
 }

@ARTICLE{planaralg2,
    crossref = {MR2972458},
 } 

@BOOK{egno,
    crossref = {MR3242743},
 }

@article{ostrik03,
	crossref = {MR1976459},
 }

@article{MR1976459,
    AUTHOR = {Ostrik, Victor},
     TITLE = {Module categories, weak {H}opf algebras and modular
              invariants},
   JOURNAL = {Transform. Groups},
  FJOURNAL = {Transformation Groups},
    VOLUME = {8},
      YEAR = {2003},
    NUMBER = {2},
     PAGES = {177--206},
      ISSN = {1083-4362},
   MRCLASS = {18D10 (16D90 17B10 18E10)},
  MRNUMBER = {1976459},
MRREVIEWER = {Volodymyr V. Lyubashenko},
       DOI = {10.1007/s00031-003-0515-6},
       URL = {https://doi.org/10.1007/s00031-003-0515-6},
}

@article{MR2812459,
	IDS = {penneys},
	Author = {Jones, Vaughan F. R. and Penneys, David},
	Doi = {10.4171/QT/23},
	Fjournal = {Quantum Topology},
	Issn = {1663-487X},
	Journal = {Quantum Topol.},
	Mrclass = {46L37 (18D10 57M20)},
	Mrreviewer = {Junsheng Fang},
	Note = {\arXiv{1007.3173}, \mathscinet{MR2812459}, \doi{10.4171/QT/23}},
	Number = {3},
	Pages = {301--337},
	Title = {The embedding theorem for finite depth subfactor planar algebras},
	Url = {http://dx.doi.org/10.4171/QT/23},
	Volume = {2},
	Year = {2011},
	Bdsk-Url-1 = {http://dx.doi.org/10.4171/QT/23}}

@article{MR2679382,
	Author = {Peters, Emily},
	Doi = {10.1142/S0129167X10006380},
	Fjournal = {International Journal of Mathematics},
	Issn = {0129-167X},
	Journal = {Internat. J. Math.},
	Mrclass = {46L37},
	Mrnumber = {2679382 (2011i:46077)},
	Mrreviewer = {Yasuyuki Kawahigashi},
	Note = {\mathscinet{MR2679382}, \doi{10.1142/S0129167X10006380}, \arXiv{0902.1294}},
	Number = {8},
	Pages = {987--1045},
	Title = {A planar algebra construction of the {H}aagerup subfactor},
	Url = {http://dx.doi.org/10.1142/S0129167X10006380},
	Volume = {21},
	Year = {2010},
	Bdsk-Url-1 = {http://dx.doi.org/10.1142/S0129167X10006380}}

@incollection{MR1865703,
	Author = {Jones, Vaughan F. R.},
	Booktitle = {Knots in {H}ellas '98 ({D}elphi)},
	Doi = {10.1142/9789812792679_0008},
	Mrclass = {57M15},
	Mrnumber = {1865703},
	Mrreviewer = {J. S. Birman},
	Note = {\mathscinet{MR1865703}},
	Pages = {94--117},
	Publisher = {World Sci. Publ., River Edge, NJ},
	Series = {Ser. Knots Everything},
	Title = {The planar algebra of a bipartite graph},
	Url = {http://dx.doi.org/10.1142/9789812792679_0008},
	Volume = {24},
	Year = {2000},
	Bdsk-Url-1 = {http://dx.doi.org/10.1142/9789812792679_0008}}

@misc{math.QA/9909027,
	Author = {Jones, Vaughan F. R.},
	Note = {\arXiv{math.QA/9909027}},
	Title = {Planar Algebras {I}},
	Year = {1999}}

@article{MR2972458,
	Author = {Jones, Vaughan F. R.},
	Coden = {DUMJAO},
	Doi = {10.1215/00127094-1723608},
	Fjournal = {Duke Mathematical Journal},
	Issn = {0012-7094},
	Journal = {Duke Math. J.},
	Mrclass = {57M27 (18Dxx 46L37)},
	Mrnumber = {2972458},
	Note = {\mathscinet{MR2972458}, \arxiv{1007.1158}, \doi{10.1215/00127094-1723608}},
	Number = {12},
	Pages = {2257--2295},
	Title = {Quadratic tangles in planar algebras},
	Url = {http://dx.doi.org/10.1215/00127094-1723608},
	Volume = {161},
	Year = {2012},
	Bdsk-Url-1 = {http://dx.doi.org/10.1215/00127094-1723608}}

@book{MR999799,
	Address = {New York},
	Author = {Frederick M. Goodman and Pierre de la Harpe and Vaughan F.R. Jones},
	Note = {x+288 pp. ISBN: 0-387-96979-9, \mathscinet{MR999799}},
	Publisher = {Mathematical Sciences Research Institute Publications, 14. Springer-Verlag},
	Title = {Coxeter graphs and towers of algebras},
	Year = {1989}}


@article{MR860811,
	Author = {Mihai Pimsner and Sorin Popa},
	Journal = {Ann. Sci. \'{E}cole Norm. Sup. (4)},
	Note = {\mathscinet{MR860811}},
	Number = {1},
	Pages = {57-106},
	Title = {Entropy and Index for Subfactors},
	Volume = {19},
	Year = {1986}}


@ARTICLE{paragroup,
   author = {{Bigelow}, S. and {Penneys}, D.},
    title = "{Principal graph stability and the jellyfish algorithm}",
  journal = {ArXiv e-prints},
archivePrefix = "arXiv",
   eprint = {1208.1564},
 primaryClass = "math.OA",
 keywords = {Mathematics - Operator Algebras, Mathematics - Quantum Algebra, 46L37 (Primary), 18D05, 57M20 (Secondary)},
     year = 2012,
    month = aug,
   adsurl = {http://adsabs.harvard.edu/abs/2012arXiv1208.1564B},
  adsnote = {Provided by the SAO/NASA Astrophysics Data System}
}

@article {paragroup2,
    AUTHOR = {Morrison, Scott and Peters, Emily and Snyder, Noah},
     TITLE = {Skein theory for the {$D_{2n}$} planar algebras},
   JOURNAL = {J. Pure Appl. Algebra},
  FJOURNAL = {Journal of Pure and Applied Algebra},
    VOLUME = {214},
      YEAR = {2010},
    NUMBER = {2},
     PAGES = {117--139},
      ISSN = {0022-4049},
   MRCLASS = {46L37 (18D10 57M15)},
  MRNUMBER = {2559686},
MRREVIEWER = {Yasuyuki Kawahigashi},
       DOI = {10.1016/j.jpaa.2009.04.010},
       URL = {https://doi.org/10.1016/j.jpaa.2009.04.010},
}

@book{MR3242743,
	Author = {Etingof, Pavel and Gelaki, Shlomo and Nikshych, Dmitri and Ostrik, Victor},
	Date-Added = {2017-12-13 17:52:52 +0000},
	Date-Modified = {2017-12-13 17:53:14 +0000},
	Isbn = {978-1-4704-2024-6},
	Mrclass = {18D10 (16T05)},
	Mrnumber = {3242743},
	Mrreviewer = {Julien Bichon},
	Note = {\mathscinet{MR3242743} \doi{10.1090/surv/205}},
	Pages = {xvi+343},
	Publisher = {American Mathematical Society, Providence, RI},
	Series = {Mathematical Surveys and Monographs},
	Title = {Tensor categories},
	Url = {https://doi.org/10.1090/surv/205},
	Volume = {205},
	Year = {2015},
	Bdsk-Url-1 = {https://doi.org/10.1090/surv/205}}

